<?xml version="1.0" encoding="UTF-8"?><collection xmlns="http://www.loc.gov/MARC21/slim"><record><leader>00538nam--2200181-i-4500</leader><controlfield tag="001">000013119</controlfield><controlfield tag="002">20161230</controlfield><controlfield tag="005">20161230201030</controlfield><controlfield tag="008">060222s1000------------r-----000-0-eng-d</controlfield><datafield ind1=" " ind2=" " tag="040"><subfield code="a">IFIN-HH</subfield></datafield><datafield ind1=" " ind2=" " tag="080"><subfield code="a">534.83(061.3)</subfield></datafield><datafield ind1="1" ind2=" " tag="100"><subfield code="a">Czarnecki, Stefan</subfield></datafield><datafield ind1="1" ind2="0" tag="245"><subfield code="a">Proceedings. inter-noise 79 warszawa septmber 11-13, 1979</subfield><subfield code="c">Stefan Czarnecki (Ed.)</subfield></datafield><datafield ind1=" " ind2=" " tag="260"><subfield code="a">Warszawa, Institute Of Fundamental Technological Research, 1979</subfield></datafield><datafield ind1=" " ind2=" " tag="300"><subfield code="a">2 volume</subfield></datafield><datafield ind1="1" ind2=" " tag="787"><subfield code="a">Vol. II</subfield><subfield code="h">475-944</subfield></datafield><datafield ind1=" " ind2=" " tag="852"><subfield code="a">47215</subfield><subfield code="c">534</subfield></datafield><datafield ind1=" " ind2=" " tag="CAT"><subfield code="a">Sys</subfield><subfield code="c">20101008</subfield><subfield code="h">122213</subfield></datafield></record></collection>